@incollection{oechslin2003making,
  title={Making a faster cryptanalytic time-memory trade-off},
  author={Oechslin, Philippe},
  booktitle={Advances in Cryptology-CRYPTO 2003},
  pages={617--630},
  year={2003},
  publisher={Springer}
}

@article{rivest1978method,
  title={A method for obtaining digital signatures and public-key cryptosystems},
  author={Rivest, Ronald L and Shamir, Adi and Adleman, Len},
  journal={Communications of the ACM},
  volume={21},
  number={2},
  pages={120--126},
  year={1978},
  publisher={ACM}
}

@article{diffie1976new,
  title={New directions in cryptography},
  author={Diffie, Whitfield and Hellman, Martin E},
  journal={Information Theory, IEEE Transactions on},
  volume={22},
  number={6},
  pages={644--654},
  year={1976},
  publisher={IEEE}
}

@book{menezes1996handbook,
  title={Handbook of applied cryptography},
  author={Menezes, Alfred J and Van Oorschot, Paul C and Vanstone, Scott A},
  year={1996},
  publisher={CRC press}
}

@incollection{barkan2006rigorous,
  title={Rigorous bounds on cryptanalytic time/memory tradeoffs},
  author={Barkan, Elad and Biham, Eli and Shamir, Adi},
  booktitle={Advances in Cryptology-CRYPTO 2006},
  pages={1--21},
  year={2006},
  publisher={Springer}
}

@article{kusuda1996optimization,
  title={Optimization of Time-Memory Trade-Off Cryptanalysis and Its Application to DES, FEAL-32, and Skipjuck},
  author={Kusuda, Koji and Matsumoto, Tsutomu},
  journal={IEICE Transactions on Fundamentals of Electronics, Communications and Computer Sciences},
  volume={79},
  number={1},
  pages={35--48},
  year={1996},
  publisher={The Institute of Electronics, Information and Communication Engineers}
}

@article{bos2012solving,
  title={Solving a 112--bit prime elliptic curve discrete logarithm problem on game consoles using sloppy reduction},
  author={Bos, Joppe W and Kaihara, Marcelo E and Kleinjung, Thorsten and Lenstra, Arjen K and Montgomery, Peter L},
  journal={International Journal of Applied Cryptography},
  volume={2},
  number={3},
  pages={212--228},
  year={2012},
  publisher={Inderscience}
}

@article{van1999parallel,
  title={Parallel collision search with cryptanalytic applications},
  author={Van Oorschot, Paul C and Wiener, Michael J},
  journal={Journal of cryptology},
  volume={12},
  number={1},
  pages={1--28},
  year={1999},
  publisher={Springer}
}

@article{kim2013faster,
  title={A Faster Cryptanalytic Time-Memory Tradeoff.},
  author={Kim, Jung Woo and Seo, Jungjoo and Hong, Jin and Park, Kunsoo},
  journal={International Journal of Security \& Its Applications},
  volume={7},
  number={2},
  year={2013}
}

@incollection{oechslin2003making,
  title={Making a faster cryptanalytic time-memory trade-off},
  author={Oechslin, Philippe},
  booktitle={Advances in Cryptology-CRYPTO 2003},
  pages={617--630},
  year={2003},
  publisher={Springer}
}

@incollection{avoine2005time,
  title={Time-memory trade-offs: False alarm detection using checkpoints},
  author={Avoine, Gildas and Junod, Pascal and Oechslin, Philippe},
  booktitle={Progress in Cryptology-INDOCRYPT 2005},
  pages={183--196},
  year={2005},
  publisher={Springer}
}

@incollection{hong2008variants,
  title={Variants of the distinguished point method for cryptanalytic time memory trade-offs},
  author={Hong, Jin and Jeong, Kyung Chul and Kwon, Eun Young and Lee, In-Sok and Ma, Daegun},
  booktitle={Information Security Practice and Experience},
  pages={131--145},
  year={2008},
  publisher={Springer}
}

@inproceedings{biryukov2001real,
  title={Real Time Cryptanalysis of A5/1 on a PC},
  author={Biryukov, Alex and Shamir, Adi and Wagner, David},
  booktitle={Fast Software Encryption},
  pages={1--18},
  year={2001},
  organization={Springer}
}

@article{marks2012heterogeneous,
  title={Heterogeneous GPU\&CPU cluster for high performance computing in cryptography},
  author={Marks, Micha{\l} and Jantura, Jaros{\l}aw and Niewiadomska-Szynkiewicz, Ewa and Strzelczyk, Przemys{\l}aw and G{\'o}zdz, K},
  journal={Computer Science},
  volume={13},
  number={2},
  pages={63--79},
  year={2012},
  publisher={AGH University of Science and Technology Press}
}

@article{hong2013comparison,
  title={A comparison of cryptanalytic tradeoff algorithms},
  author={Hong, Jin and Moon, Sunghwan},
  journal={Journal of cryptology},
  volume={26},
  number={4},
  pages={559--637},
  year={2013},
  publisher={Springer}
}

@incollection{oechslin2003making,
  title={Making a faster cryptanalytic time-memory trade-off},
  author={Oechslin, Philippe},
  booktitle={Advances in Cryptology-CRYPTO 2003},
  pages={617--630},
  year={2003},
  publisher={Springer}
}

@incollection{hong2005new,
  title={New applications of time memory data tradeoffs},
  author={Hong, Jin and Sarkar, Palash},
  booktitle={Advances in Cryptology-ASIACRYPT 2005},
  pages={353--372},
  year={2005},
  publisher={Springer}
}

@article{hellman1980cryptanalytic,
  title={A cryptanalytic time-memory trade-off},
  author={Hellman, Martin E},
  journal={Information Theory, IEEE Transactions on},
  volume={26},
  number={4},
  pages={401--406},
  year={1980},
  publisher={IEEE}
}

@article{avoine2008characterization,
  title={Characterization and improvement of time-memory trade-off based on perfect tables},
  author={Avoine, Gildas and Junod, Pascal and Oechslin, Philippe},
  journal={ACM Transactions on Information and System Security (TISSEC)},
  volume={11},
  number={4},
  pages={17},
  year={2008},
  publisher={ACM}
}

@inproceedings{fiat1991rigorous,
  title={Rigorous time/space tradeoffs for inverting functions},
  author={Fiat, Amos and Naor, Moni},
  booktitle={Proceedings of the twenty-third annual ACM symposium on Theory of computing},
  pages={534--541},
  year={1991},
  organization={ACM}
}

@article{levin1987one,
  title={One way functions and pseudorandom generators},
  author={Levin, Leonid A},
  journal={Combinatorica},
  volume={7},
  number={4},
  pages={357--363},
  year={1987},
  publisher={Springer}
}

@article{il1999achieving,
  title={Achieving higher success probability in time-memory trade-off cryptanalysis without increasing memory size},
  author={Il-Jun, KIM and Matsumoto, Tsutomu},
  journal={IEICE Transactions on Fundamentals of Electronics, Communications and Computer Sciences},
  volume={82},
  number={1},
  pages={123--129},
  year={1999},
  publisher={The Institute of Electronics, Information and Communication Engineers}
}

@article{yan2004password,
  title={Password Memorability and Security: Empirical Results.},
  author={Yan, Jeff Jianxin and Blackwell, Alan F and Anderson, Ross J and Grant, Alasdair},
  journal={IEEE Security \& privacy},
  volume={2},
  number={5},
  pages={25--31},
  year={2004}
}

@incollection{biryukov2000cryptanalytic,
  title={Cryptanalytic time/memory/data tradeoffs for stream ciphers},
  author={Biryukov, Alex and Shamir, Adi},
  booktitle={Advances in Cryptology—ASIACRYPT 2000},
  pages={1--13},
  year={2000},
  publisher={Springer}
}

@article{amirazizi1988time,
  title={Time-memory-processor trade-offs},
  author={Amirazizi, Hamid Reza and Hellman, Martin E},
  journal={Information Theory, IEEE Transactions on},
  volume={34},
  number={3},
  pages={505--512},
  year={1988},
  publisher={IEEE}
}

@incollection{standaert2003time,
  title={A Time-Memory Tradeo. Using Distinguished Points: New Analysis \& FPGA Results},
  author={Standaert, Fran{\c{c}}ois-Xavier and Rouvroy, Gael and Quisquater, Jean-Jacques and Legat, Jean-Didier},
  booktitle={Cryptographic Hardware and Embedded Systems-CHES 2002},
  pages={593--609},
  year={2003},
  publisher={Springer}
}

@article{malhotra2013review,
  title={A Review of NTLM Rainbow Table Generation Techniques},
  author={Malhotra, Meetika and Dua, Bhushan},
  journal={GJCST-E: Network, Web \& Security},
  volume={13},
  number={7},
  year={2013}
}

@article{zorn1998microsoft,
  title={Microsoft ppp chap extensions},
  author={Zorn, Glen and Cobb, Steve},
  year={1998}
}

@phdthesis{spitz2007time,
  title={Time Memory Tradeoff Implementation on Copacobana},
  author={Spitz, Stefan and G{\"u}neysu, Dipl Ing Tim and Rupp, Dipl Inf Andy and Paar, Ing Christof},
  year={2007},
  school={Master’s thesis, Ruhr-Universit{\"a}t Bochum}
}

@inproceedings{rogaway2004cryptographic,
  title={Cryptographic hash-function basics: Definitions, implications, and separations for preimage resistance, second-preimage resistance, and collision resistance},
  author={Rogaway, Phillip and Shrimpton, Thomas},
  booktitle={Fast Software Encryption},
  pages={371--388},
  year={2004},
  organization={Springer}
}

@inproceedings{borst1998time,
  title={On the time-memory tradeoff between exhaustive key search and table precomputation},
  author={Borst, Johan and Preneel, Bart and Vandewalle, Joos},
  booktitle={Symposium on Information Theory in the Benelux},
  pages={111--118},
  year={1998},
  organization={Citeseer}
}

@inproceedings{quisquater1990easy,
  title={How easy is collision search? Application to DES},
  author={Quisquater, Jean-Jacques and Delescaille, Jean-Paul},
  booktitle={Advances in Cryptology—EUROCRYPT’89},
  pages={429--434},
  year={1990},
  organization={Springer}
}

@article{malhotra2013review,
  title={A Review of NTLM Rainbow Table Generation Techniques},
  author={Malhotra, Meetika and Dua, Bhushan},
  journal={GJCST-E: Network, Web \& Security},
  volume={13},
  number={7},
  year={2013}
}

@article{zorn1998microsoft,
  title={Microsoft ppp chap extensions},
  author={Zorn, Glen and Cobb, Steve},
  year={1998}
}

@incollection{standaert2003time,
  title={A Time-Memory Tradeo. Using Distinguished Points: New Analysis \& FPGA Results},
  author={Standaert, Fran{\c{c}}ois-Xavier and Rouvroy, Gael and Quisquater, Jean-Jacques and Legat, Jean-Didier},
  booktitle={Cryptographic Hardware and Embedded Systems-CHES 2002},
  pages={593--609},
  year={2003},
  publisher={Springer}
}

@inproceedings{biryukov2001real,
  title={Real Time Cryptanalysis of A5/1 on a PC},
  author={Biryukov, Alex and Shamir, Adi and Wagner, David},
  booktitle={Fast Software Encryption},
  pages={1--18},
  year={2001},
  organization={Springer}
}

@inproceedings{saran2009choosing,
  title={Choosing parameters to achieve a higher success rate for Hellman time memory trade off attack},
  author={Saran, Nurdan and Doganaksoy, Ali},
  booktitle={Availability, Reliability and Security, 2009. ARES'09. International Conference on},
  pages={504--509},
  year={2009},
  organization={IEEE}
}